@article{finnerty2012,
    title = {An Average-Strike Put Option Model of the Marketability Discount},
    journal = {Journal of Derivatives},
    author = {Finnerty, John D.},
    year = {2012},
}

@article{ghaidarov2009,
    title = {Analysis and Critique of the Average Strike Put Option Marketability Discount Model},
    journal = {SSRN},
    author = {Ghaidarov, Stillian},
    year = {2009},
    url = {https://ssrn.com/abstract=1478266}
}

@article{tabak2002,
    title = {A CAPM-Based Approach to Calculating Illiquidity Discounts},
    journal = {NERA Economic Consulting},
    author = {Tabak, David},
    year = {2002},
}

@article{barenbaum2015,
    title = {Determining Lack of Marketability Discounts: Employing an Equity Collar},
    journal = {Journal of Entrepreneurial Finance},
    author = {Barenbaum, Lester. and Schubert, Walter},
    year = {2015},
}

@article{brooks2016,
    title = {A General Option Valuation Approach to Discount for Lack of Marketability},
    journal = {Business Valuation Review},
    author = {Brooks, Robert},
    year = {2016},
}

@article{bagnara2023,
    title = {Liquidity Derivatives},
    journal = {SAFE Working Paper},
    author = {Bagnara, Matteo. and Jappelli, Ruggero},
    year = {2023},
    url = {https://ssrn.com/abstract=4216669}
}

@article{pastor2001,
    title = {Liquidity Risk and Expected Stock Returns},
    journal = {NBER Working Paper Series},
    author = {Pastor, Lubos. and Stambaugh, Robert},
    year = {2023},
    url = {http://nber.org/papers/w8462}
}

@article{chaffe1993,
    title = {Option Pricing as a Proxy for Discount for Lack of Marketability in Private Company Valuations},
    journal = {Business Valuation Review},
    author = {Chaffe, David},
    year = {1993},
}

@article{goltz2010,
    title = {Liquidity Options},
    journal = {Journal of Derivatives},
    author = {Goltz, Maxim. and Kritzman, Mark},
    year = {2010},
}

@article{longstaff2014,
    title = {Valuing Thinly Traded Assets},
    journal = {NBER Working Paper Series},
    author = {Longstaff, Francis},
    year = {2014},
    url = {https://www.nber.org/papers/w20589}
}

@article{datar1998,
    title = {Liquidity and Stock Returns: An Alternative Test},
    journal = {Journal of Financial Markets},
    author = {Datar, Vinay. and Naik, Narayan. and Radcliffe, Robert},
    year = {1998},
}

@article{amihud2002,
    title = {Illiquidity and Stock Returns: Cross-Section and Time-Series Effects},
    journal = {Journal of Financial Markets},
    author = {Amihud, Yakov},
    year = {2002},
}

@article{amihud2019,
    title = {Illiquidity and Stock Returns: A Revisit},
    journal = {Critical Finance Review},
    author = {Amihud, Yakov},
    year = {2019},
}

@article{amihud2005,
    title = {Liquidity and Asset Prices},
    journal = {Foundations and Trends in Finance},
    author = {Amihud, Yakov. and Haim, Mendelson. and Pedersen, Lasse Heje},
    year = {2005},
}

@article{bollen2004,
    title = {Modeling the Bid-Ask Spread: Measuring the Inventory Holding Premium},
    journal = {Journal of Financial Economics},
    author = {Bollen, Nicholas. and Smith, Tom. and Whaley, Robert},
    year = {2004},
}

@article{chacko2006,
    title = {Pricing Liquidity: The Quantity Structure of Immediacy Prices},
    journal = {Harvard Business School Working Paper},
    author = {Chacko, George. and Jurek, Jakub. and Stafford, Erik},
    year = {2006},
}

@article{longstaff1995,
    title = {How Much Can Marketability Affect Security Values?},
    journal = {Journal of Finance},
    author = {Longstaff, Francis},
    year = {1995},
}